<?xml version="1.0" encoding="UTF-8"?><collection xmlns="http://www.loc.gov/MARC21/slim"><record><leader>00460nam--2200169-i-4500</leader><controlfield tag="001">000005921</controlfield><controlfield tag="002">20161230</controlfield><controlfield tag="005">20161230201026</controlfield><controlfield tag="008">060222s1000------------r-----000-0-eng-d</controlfield><datafield ind1=" " ind2=" " tag="040"><subfield code="a">IFIN-HH</subfield></datafield><datafield ind1=" " ind2=" " tag="080"><subfield code="a">681.2.08</subfield></datafield><datafield ind1="1" ind2=" " tag="100"><subfield code="a">Carroll, Grady C</subfield></datafield><datafield ind1="1" ind2="0" tag="245"><subfield code="a">Industrial process measuring instruments</subfield><subfield code="c">Grady C. Carroll</subfield></datafield><datafield ind1=" " ind2=" " tag="260"><subfield code="a">New York, Mcgraw-hill Book Co., Inc., 1962</subfield></datafield><datafield ind1=" " ind2=" " tag="300"><subfield code="a">XIV + 454 P</subfield></datafield><datafield ind1=" " ind2=" " tag="852"><subfield code="a">17532</subfield><subfield code="c">531.7</subfield></datafield><datafield ind1=" " ind2=" " tag="CAT"><subfield code="a">Sys</subfield><subfield code="c">20100709</subfield><subfield code="h">105418</subfield></datafield></record></collection>